<?xml version="1.0" encoding="UTF-8"?>
<Document xmlns="urn:iso:std:iso:20022:tech:xsd:pacs.008.001.02">
    <FIToFICstmrCdtTrf>
        <GrpHdr>
            <MsgId>SSOXFOCIHCASXOICOIOI3990WE09R90WQE</MsgId>
            <CreDtTm>2024-10-25T10:00:00</CreDtTm>
            <NbOfTxs>1</NbOfTxs>
            <TtlIntrBkSttlmAmt Ccy="USD">100.00</TtlIntrBkSttlmAmt>
        </GrpHdr>
        <PmtInf>
            <PmtInfId>PAYMENT_REFERENCE</PmtInfId>
            <PmtMtd>TRF</PmtMtd>
            <NbOfTxs>1</NbOfTxs>
            <CtrlF425b13d57157>100.00</CtrlF425b13d57157>
            <PmtTpInf>
                <PmtTp>
                    <Prpty>
                        <Tp>
                            <Cd>SEPA</Cd>
                        </Tp>
                        <LocalMtd>
                            <Cd>SEPA</Cd>
                        </LocalMtd>
                    </Prpty>
                </PmtTp>
            </PmtTpInf>
            <ReqdExctnDt>2024-10-25</ReqdExctnDt>
            <Debtor>
                <Nm>DEBTOR_NAME</Nm>
            </Debtor>
            <DebtorAcct>
                <Id>
                    <IBAN>DEBTOR_IBAN</IBAN>
                </Id>
            </DebtorAcct>
            <DebtorAgt>
                <FinInstnId>
                    <BIC>DEBTOR_BANK_BIC</BIC>
                </FinInstnId>
            </DebtorAgt>
            <Cdtr>
                <Nm>CREDITOR_NAME</Nm>
            </Cdtr>
            <CdtrAcct>
                <Id>
                    <IBAN>CREDITOR_IBAN</IBAN>
                </Id>
            </CdtrAcct>
            <CdtrAgt>
                <FinInstnId>
                    <BIC>CREDITOR_BANK_BIC</BIC>
                </FinInstnId>
            </CdtrAgt>
            <PmtDtls>
                <CdtTrfTxInf>
                    <PmtId>
                        <EndToEndId>END_TO_END_REFERENCE</EndToEndId>
                    </PmtId>
                    <InstdAmt Ccy="USD">100.00</InstdAmt>
                    <RmtInf>
                        <Ustrd>REFERENCE_TEXT</Ustrd>
                    </RmtInf>
                </CdtTrfTxInf>
            </PmtDtls>
        </PmtInf>
    </FIToFICstmrCdtTrf>
</Document>